@article{sutherland2004need,
  title={The need for evidence-based conservation},
  author={Sutherland, William J and Pullin, Andrew S and Dolman, Paul M and Knight, Teri M},
  journal={Trends in ecology \& evolution},
  volume={19},
  number={6},
  pages={305--308},
  year={2004},
  publisher={Elsevier}
}

@article{chalmers2009avoidable,
  title={Avoidable waste in the production and reporting of research evidence},
  author={Chalmers, Iain and Glasziou, Paul},
  journal={The Lancet},
  volume={374},
  number={9683},
  pages={86--89},
  year={2009},
  publisher={Elsevier}
}

@article{glasziou2018research,
  title={Research waste is still a scandalâ€”an essay by Paul Glasziou and Iain Chalmers},
  author={Glasziou, Paul and Chalmers, Iain},
  journal={Bmj},
  volume={363},
  pages={k4645},
  year={2018},
  publisher={British Medical Journal Publishing Group}
}

@misc{nilsen_bowler_linnell_2019,
 title={Exploratory and confirmatory conservation research in the open science era},
 url={ecoevorxiv.org/75a6f},
 DOI={10.32942/osf.io/75a6f},
 publisher={EcoEvoRxiv},
 author={Nilsen, Erlend B and Bowler, Diana and Linnell, John D C},
 year={2019},
 month={Apr}
}

@article{fraser2018questionable,
  title={Questionable research practices in ecology and evolution},
  author={Fraser, Hannah and Parker, Tim and Nakagawa, Shinichi and Barnett, Ashley and Fidler, Fiona},
  journal={PloS one},
  volume={13},
  number={7},
  pages={e0200303},
  year={2018},
  publisher={Public Library of Science}
}

@article{gurevitch2018meta,
  title={Meta-analysis and the science of research synthesis},
  author={Gurevitch, Jessica and Koricheva, Julia and Nakagawa, Shinichi and Stewart, Gavin},
  journal={Nature},
  volume={555},
  number={7695},
  pages={175},
  year={2018},
  publisher={Nature Publishing Group}
}

@article{powers2019open,
  title={Open science, reproducibility, and transparency in ecology},
  author={Powers, Stephen M and Hampton, Stephanie E},
  journal={Ecological applications},
  volume={29},
  number={1},
  pages={e01822},
  year={2019},
  publisher={Wiley Online Library}
}

@article{rios2018fieldwork,
  title={Are fieldwork studies being relegated to second place in conservation science?},
  author={R{\'\i}os-Salda{\~n}a, C Antonio and Delibes-Mateos, Miguel and Ferreira, Catarina C},
  journal={Global ecology and conservation},
  volume={14},
  pages={e00389},
  year={2018},
  publisher={Elsevier}
}

@article{lau1992cumulative,
  title={Cumulative meta-analysis of therapeutic trials for myocardial infarction},
  author={Lau, Joseph and Antman, Elliott M and Jimenez-Silva, Jeanette and Kupelnick, Bruce and Mosteller, Frederick and Chalmers, Thomas C},
  journal={New England Journal of Medicine},
  volume={327},
  number={4},
  pages={248--254},
  year={1992},
  publisher={Mass Medical Soc}
}

@article{ralph1995monitoring,
  title={Monitoring bird populations by point counts},
  author={Ralph, C John and Sauer, John R and Droege, Sam},
  journal={Gen. Tech. Rep. PSW-GTR-149. Albany, CA: US Department of Agriculture, Forest Service, Pacific Southwest Research Station. 187 p},
  volume={149},
  year={1995}
}

@article{darras2018comparing,
  title={Comparing the sampling performance of sound recorders versus point counts in bird surveys: A meta-analysis},
  author={Darras, Kevin and Bat{\'a}ry, P{\'e}ter and Furnas, Brett and Celis-Murillo, Antonio and Van Wilgenburg, Steven L and Mulyani, Yeni A and Tscharntke, Teja},
  journal={Journal of applied ecology},
  volume={55},
  number={6},
  pages={2575--2586},
  year={2018},
  publisher={Wiley Online Library}
}
@article{metafor,
    title = {Conducting meta-analyses in {R} with the {metafor} package},
    author = {Wolfgang Viechtbauer},
    journal = {Journal of Statistical Software},
    year = {2010},
    volume = {36},
    number = {3},
    pages = {1--48},
    url = {http://www.jstatsoft.org/v36/i03/},
}
  
@article{wetterslev2008trial,
  title={Trial sequential analysis may establish when firm evidence is reached in cumulative meta-analysis},
  author={Wetterslev, J{\o}rn and Thorlund, Kristian and Brok, Jesper and Gluud, Christian},
  journal={Journal of clinical epidemiology},
  volume={61},
  number={1},
  pages={64--75},
  year={2008},
  publisher={Elsevier}
}

@Book{ggplot2,
    author = {Hadley Wickham},
    title = {ggplot2: Elegant Graphics for Data Analysis},
    publisher = {Springer-Verlag New York},
    year = {2016},
    isbn = {978-3-319-24277-4},
    url = {https://ggplot2.tidyverse.org},
}

@misc{altman1994scandal,
  title={The scandal of poor medical research},
  author={Altman, Douglas G},
  year={1994},
  publisher={British Medical Journal Publishing Group}
}
  
